<?xml version="1.0" encoding="UTF-8"?><collection xmlns="http://www.loc.gov/MARC21/slim"><record><leader>00370nam--2200133-i-4500</leader><controlfield tag="001">000046405</controlfield><controlfield tag="002">20161230</controlfield><controlfield tag="005">20161230201045</controlfield><controlfield tag="008">060222s1000------------r-----000-0-eng-d</controlfield><datafield ind1=" " ind2=" " tag="080"><subfield code="a">550.8(061.3)</subfield></datafield><datafield ind1=" " ind2=" " tag="245"><subfield code="a">U.s.national report, 1967-1971. fifteenth general assembly</subfield></datafield><datafield ind1=" " ind2=" " tag="260"><subfield code="a">Washington, American Geophysical Union, 1971, 539p</subfield></datafield><datafield ind1=" " ind2=" " tag="700"><subfield code="a">Bell,Peterm</subfield></datafield><datafield ind1=" " ind2=" " tag="852"><subfield code="a">73430</subfield></datafield></record></collection>